<?xml version="1.0" encoding="UTF-8"?><collection xmlns="http://www.loc.gov/MARC21/slim"><record><leader>00558nam--2200193-i-4500</leader><controlfield tag="001">000019839</controlfield><controlfield tag="002">20161230</controlfield><controlfield tag="005">20161230201033</controlfield><controlfield tag="008">060222s1000------------r-----000-0-eng-d</controlfield><datafield ind1=" " ind2=" " tag="020"><subfield code="a">0250402629</subfield></datafield><datafield ind1=" " ind2=" " tag="040"><subfield code="a">IFIN-HH</subfield></datafield><datafield ind1=" " ind2=" " tag="080"><subfield code="a">53.087.22:535.4</subfield></datafield><datafield ind1="1" ind2=" " tag="100"><subfield code="a">Mccrone, Walter C</subfield></datafield><datafield ind1="1" ind2="0" tag="245"><subfield code="a">Polarized light microscopy</subfield><subfield code="c">Walter c. mccrone; lucy b. mccrone; john gustav delly</subfield></datafield><datafield ind1=" " ind2=" " tag="260"><subfield code="a">Ann Arbor</subfield><subfield code="b">Ann Arbor Science Publishers Inc</subfield><subfield code="c">1978</subfield></datafield><datafield ind1=" " ind2=" " tag="300"><subfield code="a">VII + 251 P</subfield></datafield><datafield ind1="1" ind2=" " tag="700"><subfield code="a">Delly, John Gustav</subfield></datafield><datafield ind1=" " ind2=" " tag="852"><subfield code="a">46927</subfield><subfield code="c">535</subfield></datafield><datafield ind1=" " ind2=" " tag="CAT"><subfield code="a">Sys</subfield><subfield code="c">20101123</subfield><subfield code="h">123450</subfield></datafield></record></collection>